@online{TFDocs,
  author = {Google Inc.},
  title = {TensorFlow Docs},
  url = {https://tensorflow.org/},
}

@online{KerasDocs,
  author = {Project ONEIROS},
  title = {Keras Docs},
  url = {https://keras.io/},
}

@online{OpenCv,
  author = {OpenCV Team},
  title = {OpenCV Official Documentation},
  url = {https://opencv.org/},
}

@online{SKLearn,
  title = {SKLearn Docs},
  url = {https://keras.io/},
}

@online{FloydHub,
  author={FloydHub Inc.},
  url = {https://www.floydhub.com/},
}

@online{GTSRB,
	author={Instit\"{u}t fur Neuroinformatik},
	title={German Traffic Sign Recognition Benchmark},
	url={http://benchmark.ini.rub.de/?section=gtsrb&subsection=dataset}
	}

@online{GTSDB,
  author={Instit\"{u}t fur Neuroinformatik},
  title={German Traffic Sign Detection Benchmark},
  url={http://benchmark.ini.rub.de/?section=gtsdb&subsection=dataset}
  }

@misc{glorotPaper,
  author={Xavier Glorot, Yoshua Bengio},
  title={Understanding the difficulty of training deep feed-forward neural networks},
  publisher={University of Montreal, Canada},
  howpublished={\url{http://proceedings.mlr.press/v9/glorot10a/glorot10a.pdf}},
  }

@misc{nesterov,
  author={Yurii Nesterov},
  title={A method for unconstrained convex minimization problem with the rate of convergence O(1/k2)},
  publisher={Soviet Mathematics Doklady},
  howpublished={\url{https://goo.gl/V011vD}},
  }

@misc{cnnOriginal,
  author={LeCun et al.},
  title={Gradient-Based Learning Applied to Document Recognition},
  publisher={Stanford Vision Lab},
  howpublished={\url{http://vision.stanford.edu/cs598_spring07/papers/Lecun98.pdf}},
  }

@misc{lecunDetection,
  author={Yann LeCun, Pierre Sermanet},
  title={Traffic Sign Recognition with Multi-Scale Convolutional Networks},
  publisher={Courant Institute of Mathematical Sciences},
  howpublished={\url{http://yann.lecun.com/exdb/publis/pdf/sermanet-ijcnn-11.pdf}}
  }

@misc{cnnFeatureExtraction,
  author={Razvaian et al.},
  title={CNN features off-the-shelf: an Astounding Baseline for Recognition},
  howpublished={\url{https://arxiv.org/pdf/1403.6382.pdf}}
  }

@misc{rcnn,
  author={Ross Girshick et al.},
  title={Rich feature hierarchies for accurate object detection and semantic segmentation},
  howpublished={\url{https://arxiv.org/abs/1311.2524}}
}

@misc{resNet,
  author={Xiangyu Zhang et al.},
  title={Deep Residual Learning for Image Recognition},
  howpublished={\url{https://arxiv.org/abs/1512.03385}}
}

@misc{overFeat,
  author={Pierre Sermanet et al.},
  title={OverFeat: Integrated Recognition, Localization and Detection using Convolutional Networks},
  howpublished={\url{https://arxiv.org/abs/1312.6229}}
}